%YAML 1.1
%TAG !u! tag:unity3d.com,2011:
--- !u!1001 &100100000
Prefab:
  m_ObjectHideFlags: 1
  serializedVersion: 2
  m_Modification:
    m_TransformParent: {fileID: 0}
    m_Modifications: []
    m_RemovedComponents: []
  m_ParentPrefab: {fileID: 0}
  m_RootGameObject: {fileID: 1142998214018518}
  m_IsPrefabParent: 1
--- !u!1 &1130929716568684
GameObject:
  m_ObjectHideFlags: 0
  m_PrefabParentObject: {fileID: 0}
  m_PrefabInternal: {fileID: 100100000}
  serializedVersion: 5
  m_Component:
  - component: {fileID: 4381960084706408}
  - component: {fileID: 114350744966142254}
  m_Layer: 0
  m_Name: ParticleData_44
  m_TagString: Untagged
  m_Icon: {fileID: 0}
  m_NavMeshLayer: 0
  m_StaticEditorFlags: 0
  m_IsActive: 1
--- !u!1 &1142998214018518
GameObject:
  m_ObjectHideFlags: 0
  m_PrefabParentObject: {fileID: 0}
  m_PrefabInternal: {fileID: 100100000}
  serializedVersion: 5
  m_Component:
  - component: {fileID: 4034666982081942}
  - component: {fileID: 114490409936767472}
  m_Layer: 0
  m_Name: GH Skill Data_CB
  m_TagString: Untagged
  m_Icon: {fileID: 0}
  m_NavMeshLayer: 0
  m_StaticEditorFlags: 0
  m_IsActive: 1
--- !u!1 &1291688930957856
GameObject:
  m_ObjectHideFlags: 0
  m_PrefabParentObject: {fileID: 0}
  m_PrefabInternal: {fileID: 100100000}
  serializedVersion: 5
  m_Component:
  - component: {fileID: 4964136354563242}
  - component: {fileID: 114425356475971992}
  m_Layer: 0
  m_Name: ParticleData_75
  m_TagString: Untagged
  m_Icon: {fileID: 0}
  m_NavMeshLayer: 0
  m_StaticEditorFlags: 0
  m_IsActive: 1
--- !u!1 &1574454329434830
GameObject:
  m_ObjectHideFlags: 0
  m_PrefabParentObject: {fileID: 0}
  m_PrefabInternal: {fileID: 100100000}
  serializedVersion: 5
  m_Component:
  - component: {fileID: 4712650457317374}
  - component: {fileID: 114740092776144114}
  m_Layer: 0
  m_Name: ParticleData_64
  m_TagString: Untagged
  m_Icon: {fileID: 0}
  m_NavMeshLayer: 0
  m_StaticEditorFlags: 0
  m_IsActive: 1
--- !u!1 &1884605297926294
GameObject:
  m_ObjectHideFlags: 0
  m_PrefabParentObject: {fileID: 0}
  m_PrefabInternal: {fileID: 100100000}
  serializedVersion: 5
  m_Component:
  - component: {fileID: 4964628039266664}
  - component: {fileID: 114849856839936630}
  m_Layer: 0
  m_Name: ParticleData_61
  m_TagString: Untagged
  m_Icon: {fileID: 0}
  m_NavMeshLayer: 0
  m_StaticEditorFlags: 0
  m_IsActive: 1
--- !u!1 &1973893751048352
GameObject:
  m_ObjectHideFlags: 0
  m_PrefabParentObject: {fileID: 0}
  m_PrefabInternal: {fileID: 100100000}
  serializedVersion: 5
  m_Component:
  - component: {fileID: 4640414809111306}
  - component: {fileID: 114319977189988000}
  m_Layer: 0
  m_Name: ParticleData_27
  m_TagString: Untagged
  m_Icon: {fileID: 0}
  m_NavMeshLayer: 0
  m_StaticEditorFlags: 0
  m_IsActive: 1
--- !u!4 &4034666982081942
Transform:
  m_ObjectHideFlags: 1
  m_PrefabParentObject: {fileID: 0}
  m_PrefabInternal: {fileID: 100100000}
  m_GameObject: {fileID: 1142998214018518}
  m_LocalRotation: {x: 0, y: 0, z: 0, w: 1}
  m_LocalPosition: {x: 0, y: 0, z: 0}
  m_LocalScale: {x: 1, y: 1, z: 1}
  m_Children:
  - {fileID: 4640414809111306}
  - {fileID: 4381960084706408}
  - {fileID: 4712650457317374}
  - {fileID: 4964628039266664}
  - {fileID: 4964136354563242}
  m_Father: {fileID: 0}
  m_RootOrder: 0
  m_LocalEulerAnglesHint: {x: 0, y: 0, z: 0}
--- !u!4 &4381960084706408
Transform:
  m_ObjectHideFlags: 1
  m_PrefabParentObject: {fileID: 0}
  m_PrefabInternal: {fileID: 100100000}
  m_GameObject: {fileID: 1130929716568684}
  m_LocalRotation: {x: -0, y: -0, z: -0, w: 1}
  m_LocalPosition: {x: 0, y: 0, z: 0}
  m_LocalScale: {x: 1, y: 1, z: 1}
  m_Children: []
  m_Father: {fileID: 4034666982081942}
  m_RootOrder: 1
  m_LocalEulerAnglesHint: {x: 0, y: 0, z: 0}
--- !u!4 &4640414809111306
Transform:
  m_ObjectHideFlags: 1
  m_PrefabParentObject: {fileID: 0}
  m_PrefabInternal: {fileID: 100100000}
  m_GameObject: {fileID: 1973893751048352}
  m_LocalRotation: {x: -0, y: -0, z: -0, w: 1}
  m_LocalPosition: {x: 0, y: 0, z: 0}
  m_LocalScale: {x: 1, y: 1, z: 1}
  m_Children: []
  m_Father: {fileID: 4034666982081942}
  m_RootOrder: 0
  m_LocalEulerAnglesHint: {x: 0, y: 0, z: 0}
--- !u!4 &4712650457317374
Transform:
  m_ObjectHideFlags: 1
  m_PrefabParentObject: {fileID: 0}
  m_PrefabInternal: {fileID: 100100000}
  m_GameObject: {fileID: 1574454329434830}
  m_LocalRotation: {x: -0, y: -0, z: -0, w: 1}
  m_LocalPosition: {x: 0, y: 0, z: 0}
  m_LocalScale: {x: 1, y: 1, z: 1}
  m_Children: []
  m_Father: {fileID: 4034666982081942}
  m_RootOrder: 2
  m_LocalEulerAnglesHint: {x: 0, y: 0, z: 0}
--- !u!4 &4964136354563242
Transform:
  m_ObjectHideFlags: 1
  m_PrefabParentObject: {fileID: 0}
  m_PrefabInternal: {fileID: 100100000}
  m_GameObject: {fileID: 1291688930957856}
  m_LocalRotation: {x: -0, y: -0, z: -0, w: 1}
  m_LocalPosition: {x: 0, y: 0, z: 0}
  m_LocalScale: {x: 1, y: 1, z: 1}
  m_Children: []
  m_Father: {fileID: 4034666982081942}
  m_RootOrder: 4
  m_LocalEulerAnglesHint: {x: 0, y: 0, z: 0}
--- !u!4 &4964628039266664
Transform:
  m_ObjectHideFlags: 1
  m_PrefabParentObject: {fileID: 0}
  m_PrefabInternal: {fileID: 100100000}
  m_GameObject: {fileID: 1884605297926294}
  m_LocalRotation: {x: -0, y: -0, z: -0, w: 1}
  m_LocalPosition: {x: 0, y: 0, z: 0}
  m_LocalScale: {x: 1, y: 1, z: 1}
  m_Children: []
  m_Father: {fileID: 4034666982081942}
  m_RootOrder: 3
  m_LocalEulerAnglesHint: {x: 0, y: 0, z: 0}
--- !u!114 &114319977189988000
MonoBehaviour:
  m_ObjectHideFlags: 1
  m_PrefabParentObject: {fileID: 0}
  m_PrefabInternal: {fileID: 100100000}
  m_GameObject: {fileID: 1973893751048352}
  m_Enabled: 1
  m_EditorHideFlags: 0
  m_Script: {fileID: 11500000, guid: 374b5d84358f6c443a8f5cd9e6ba85e0, type: 3}
  m_Name: 
  m_EditorClassIdentifier: 
  SkillElementType: 1
  SkillTargetType: 0
  AmountFirst: 0
  AmountLast: 0.2
  isPlayed: 1
  effectObject: {fileID: 1863813010237212, guid: 000f50edd02701f49a1d9a1f5f4231f2,
    type: 2}
  parentControl: {fileID: 114490409936767472}
  bind: 0
--- !u!114 &114350744966142254
MonoBehaviour:
  m_ObjectHideFlags: 1
  m_PrefabParentObject: {fileID: 0}
  m_PrefabInternal: {fileID: 100100000}
  m_GameObject: {fileID: 1130929716568684}
  m_Enabled: 1
  m_EditorHideFlags: 0
  m_Script: {fileID: 11500000, guid: 374b5d84358f6c443a8f5cd9e6ba85e0, type: 3}
  m_Name: 
  m_EditorClassIdentifier: 
  SkillElementType: 1
  SkillTargetType: 0
  AmountFirst: 0
  AmountLast: 0.2
  isPlayed: 0
  effectObject: {fileID: 1963948814028102, guid: 1e7109f7135e1e548ab07ff8365db4aa,
    type: 2}
  parentControl: {fileID: 114490409936767472}
  bind: 0
--- !u!114 &114425356475971992
MonoBehaviour:
  m_ObjectHideFlags: 1
  m_PrefabParentObject: {fileID: 0}
  m_PrefabInternal: {fileID: 100100000}
  m_GameObject: {fileID: 1291688930957856}
  m_Enabled: 1
  m_EditorHideFlags: 0
  m_Script: {fileID: 11500000, guid: 374b5d84358f6c443a8f5cd9e6ba85e0, type: 3}
  m_Name: 
  m_EditorClassIdentifier: 
  SkillElementType: 1
  SkillTargetType: 1
  AmountFirst: 0
  AmountLast: 0.20000002
  isPlayed: 0
  effectObject: {fileID: 1241580396695614, guid: f326a8c0f4c94684ca7161105487e124,
    type: 2}
  parentControl: {fileID: 114490409936767472}
  bind: 0
--- !u!114 &114490409936767472
MonoBehaviour:
  m_ObjectHideFlags: 1
  m_PrefabParentObject: {fileID: 0}
  m_PrefabInternal: {fileID: 100100000}
  m_GameObject: {fileID: 1142998214018518}
  m_Enabled: 1
  m_EditorHideFlags: 0
  m_Script: {fileID: 11500000, guid: 7c33000f170cfe24f9d05bcc9ace19c5, type: 3}
  m_Name: 
  m_EditorClassIdentifier: 
  Environment:
    Prefab: {fileID: 1339410181746912, guid: e8b9c4442799038418e0e38735ca50c4, type: 2}
    Model: {fileID: 0}
    IsDefaultRotate: 1
    CustomRotate: {x: 0, y: 0, z: 0}
  CharacterData:
    Prefab: {fileID: 1833447116194880, guid: 207096c5819c18646aed8c5c554b8011, type: 2}
    Model: {fileID: 0}
    IsDefaultRotate: 1
    CustomRotate: {x: 0, y: 0, z: 0}
  TargetData:
    Prefab: {fileID: 1833447116194880, guid: 207096c5819c18646aed8c5c554b8011, type: 2}
    Model: {fileID: 0}
    IsDefaultRotate: 1
    CustomRotate: {x: 0, y: 0, z: 0}
  SkillTargetMode: 1
  DistanceCharacterVsTarget: 5
  CreateSkillElementType: 1
  CameraViewMode: 0
  isLoop: 0
  AnimationClips:
  - {fileID: 7400000, guid: 0f592386c738d804891bb0c9a413b7f2, type: 2}
  - {fileID: 7400000, guid: 12cd5c10a66f0a240896e4b56e149046, type: 2}
  - {fileID: 7400000, guid: 1fe1ffb652b5e8340accc34b2dca0191, type: 2}
  - {fileID: 7400000, guid: 283d6bd4df8111346a9b7b66a93127c8, type: 2}
  IndexClipSelected: 3
  GHAnimClipDataList:
  - Name: skill101
    Clip: {fileID: 7400000, guid: 0f592386c738d804891bb0c9a413b7f2, type: 2}
    BaseLengthClip: 1.2
    TotalLengthStage: 0.5
    timeSkillEnd: 10
    targetType: 3
    rangeType: 3
    countdown: 0
    distance: 0
    max_distance: 0
    knock_back_ID: 0
    sum_time: 1200
    break_time: 900
    max_num: 0
    range: 
    idSkill: 101010
    nameSkill: "Thanh V\xE2n Ki\u1EBFm"
    noteSkill: 
    GHSkillStateDatas:
    - {fileID: 1973893751048352}
    GHClipStages:
    - StageId: 1
      FirstTime: 0
      OldFirstTime: 0
      LastTime: 0.5
      OldLastTime: 0.5
      Length: 0.5
    AnimStages:
      StageId: 0
      FirstTime: 0
      OldFirstTime: 0
      LastTime: 1.2
      OldLastTime: 1.2
      Length: 1.2
  - Name: skill201
    Clip: {fileID: 7400000, guid: 12cd5c10a66f0a240896e4b56e149046, type: 2}
    BaseLengthClip: 1.2666668
    TotalLengthStage: 0.5
    timeSkillEnd: 10
    targetType: 3
    rangeType: 3
    countdown: 0
    distance: 0
    max_distance: 0
    knock_back_ID: 0
    sum_time: 1300
    break_time: 1000
    max_num: 0
    range: 
    idSkill: 101010
    nameSkill: "Thanh V\xE2n Ki\u1EBFm"
    noteSkill: 
    GHSkillStateDatas:
    - {fileID: 1130929716568684}
    GHClipStages:
    - StageId: 1
      FirstTime: 0
      OldFirstTime: 0
      LastTime: 0.5
      OldLastTime: 0.5
      Length: 0.5
    AnimStages:
      StageId: 0
      FirstTime: 0
      OldFirstTime: 0
      LastTime: 1.2666668
      OldLastTime: 1.2666668
      Length: 1.2666668
  - Name: skill103
    Clip: {fileID: 7400000, guid: 1fe1ffb652b5e8340accc34b2dca0191, type: 2}
    BaseLengthClip: 0.9333334
    TotalLengthStage: 0.5
    timeSkillEnd: 10
    targetType: 3
    rangeType: 3
    countdown: 0
    distance: 0
    max_distance: 0
    knock_back_ID: 0
    sum_time: 900
    break_time: 600
    max_num: 0
    range: 
    idSkill: 101010
    nameSkill: "Thanh V\xE2n Ki\u1EBFm"
    noteSkill: 
    GHSkillStateDatas:
    - {fileID: 1574454329434830}
    GHClipStages:
    - StageId: 1
      FirstTime: 0
      OldFirstTime: 0
      LastTime: 0.5
      OldLastTime: 0.5
      Length: 0.5
    AnimStages:
      StageId: 0
      FirstTime: 0
      OldFirstTime: 0
      LastTime: 0.9333334
      OldLastTime: 0.9333334
      Length: 0.9333334
  - Name: skill203
    Clip: {fileID: 7400000, guid: 283d6bd4df8111346a9b7b66a93127c8, type: 2}
    BaseLengthClip: 2.5666668
    TotalLengthStage: 0.5
    timeSkillEnd: 10
    targetType: 3
    rangeType: 3
    countdown: 0
    distance: 0
    max_distance: 0
    knock_back_ID: 0
    sum_time: 2600
    break_time: 2300
    max_num: 0
    range: 
    idSkill: 101010
    nameSkill: "Thanh V\xE2n Ki\u1EBFm"
    noteSkill: 
    GHSkillStateDatas:
    - {fileID: 1884605297926294}
    - {fileID: 1291688930957856}
    GHClipStages:
    - StageId: 1
      FirstTime: 0
      OldFirstTime: 0
      LastTime: 0.5
      OldLastTime: 0.5
      Length: 0.5
    AnimStages:
      StageId: 0
      FirstTime: 0
      OldFirstTime: 0
      LastTime: 2.5666668
      OldLastTime: 2.5666668
      Length: 2.5666668
--- !u!114 &114740092776144114
MonoBehaviour:
  m_ObjectHideFlags: 1
  m_PrefabParentObject: {fileID: 0}
  m_PrefabInternal: {fileID: 100100000}
  m_GameObject: {fileID: 1574454329434830}
  m_Enabled: 1
  m_EditorHideFlags: 0
  m_Script: {fileID: 11500000, guid: 374b5d84358f6c443a8f5cd9e6ba85e0, type: 3}
  m_Name: 
  m_EditorClassIdentifier: 
  SkillElementType: 1
  SkillTargetType: 0
  AmountFirst: 0
  AmountLast: 0.2
  isPlayed: 0
  effectObject: {fileID: 1753877428880250, guid: b4dc85791f34ddd4b8e3bc2c41e33db2,
    type: 2}
  parentControl: {fileID: 114490409936767472}
  bind: 0
--- !u!114 &114849856839936630
MonoBehaviour:
  m_ObjectHideFlags: 1
  m_PrefabParentObject: {fileID: 0}
  m_PrefabInternal: {fileID: 100100000}
  m_GameObject: {fileID: 1884605297926294}
  m_Enabled: 1
  m_EditorHideFlags: 0
  m_Script: {fileID: 11500000, guid: 374b5d84358f6c443a8f5cd9e6ba85e0, type: 3}
  m_Name: 
  m_EditorClassIdentifier: 
  SkillElementType: 1
  SkillTargetType: 0
  AmountFirst: 0.14492753
  AmountLast: 0.3449275
  isPlayed: 0
  effectObject: {fileID: 1863813010237212, guid: ad20237cd680a0347ba2e29e5f7aca41,
    type: 2}
  parentControl: {fileID: 114490409936767472}
  bind: 0
